@MISC{website:popularizeVR,
    AUTHOR = "Gerlinda Grimes",
    TITLE = "Who Popularized the Term Virtual Reality",
    URL = "http://science.howstuffworks.com/innovation/big-thinkers/term-virtual-reality.htm"
}

@MISC{website:oculusvr,
    AUTHOR = "Oculus VR",
    TITLE = "Oculus VR",
    URL = "http://www.oculusvr.com/"
}

@MISC{website:steampowered,
    AUTHOR = "Michael Abrash",
    TITLE = "What VR Could, Should, and Almost Certainly Will Be Within Two Years",
    URL = "http://www.youtube.com/watch?v=G-2dQoeqVVo"
}

@MISC{website:kickstarterovr,
    AUTHOR = "Oculus",
    TITLE = "Oculus Rift: Step Into the Game",
    URL = "https://www.kickstarter.com/projects/1523379957/oculus-rift-step-into-the-game"
}

@MISC{website:roadtovr,
    AUTHOR = "Ben Lang",
    TITLE = "Former Apple Talent Developing Oculus Rift Headtracker, “9 DOF” and 760Hz Gyro Sampling",
    URL = "http://www.roadtovr.com/oculus-rift-headtracker-adjacent-reality/"
}

@MISC{website:sony,
    AUTHOR = "Sony Entertainment",
    TITLE = "Sony Computer Entertainment Announces Project Morpheus - A Virtual Reality System That Expands The World Of Playstation®4 (PS4™)",
    URL = "http://www.sony.com/SCA/company-news/press-releases/sony-computer-entertainment-america-inc/2014/sony-computer-entertainment-announces-project-morp.shtml"
}

@MISC{website:virtuix,
    AUTHOR = "Virtuix Omni",
    TITLE = "Virtuix Omni",
    URL = "http://www.virtuix.com/"
}

@MISC{website:razer,
    AUTHOR = "Razer",
    TITLE = "Razer",
    URL = "http://www.razerzone.com/"
}

@inproceedings{zachara2009challenges,
  title={Challenges for success in stereo gaming: a Virtual Boy case study},
  author={Zachara, Matt and Zagal, Jos{\'e} P},
  booktitle={Proceedings of the international conference on Advances in Computer Enterntainment Technology},
  pages={99--106},
  year={2009},
  organization={ACM}
}

@article{seymour2002virtual,
  title={Virtual reality training improves operating room performance: results of a randomized, double-blinded study},
  author={Seymour, Neal E and Gallagher, Anthony G and Roman, Sanziana A and O’Brien, Michael K and Bansal, Vipin K and Andersen, Dana K and Satava, Richard M},
  journal={Annals of surgery},
  volume={236},
  number={4},
  pages={458},
  year={2002},
  publisher={Lippincott, Williams, and Wilkins}
}

@MISC{website:army,
    AUTHOR = "Maj. Loren Bymer",
    TITLE = "Virtual reality used to train Soldiers in new training simulator",
    URL = "http://www.army.mil/article/84453/"
}

@article{roudavski2010virtual,
  title={Virtual environments as situated techno-social performances: virtual West Cambridge case-study},
  author={ROUDAVSKI, STANISLAV},
  year={2010},
  publisher={CAADRIA (The Association for Computer-Aided Architectural Design Research in Asia)}
}

@MISC{website:cybergrasp,
    AUTHOR = "CyberGlove Systems",
    TITLE = "CyberGrasp",
    URL = "http://www.cyberglovesystems.com/products/cybergrasp/overview"
}

@MISC{website:cyberglove,
    AUTHOR = "CyberGlove Systems",
    TITLE = "CyberGlove Systems",
    URL = "http://www.cyberglovesystems.com/"
}

@MISC{website:geomagic,
    AUTHOR = "Geomagic",
    TITLE = "The Geomagic® Touch™ Haptic Device",
    URL = "http://geomagic.com/en/products/phantom-omni/overview"
}

@MISC{website:wiimote,
    AUTHOR = "Nintendo",
    TITLE = "Wiimote",
    URL = "https://store.nintendo.com/ng3/us/po/browse/productDetailColorSizePicker.jsp?productId=prod150198"
}

@MISC{website:pcworld,
    AUTHOR = "Alex Wawro",
    TITLE = "Oculus Rift VR headset prototype works so well it’s a little scary",
    URL = "http://www.pcworld.com/article/2024445/oculus-rift-vr-headset-prototype-works-so-well-it-s-a-little-scary.html"
}
